@online{Rao17,
  author = {Jun Rao},
  title = "{The value of Apache Kafka in Big Data ecosystem}",
  year = {2017},
  url = {https://www.confluent.io/blog/the-value-of-apache-kafka-in-big-data-ecosystem/},
  urldate={2017-11-20}
}

@online{Kafka,
	author = {Apache Foundation},
	title = "{Apache Kafka Documentation}",
	year = {2017},
	url = {https://kafka.apache.org/},
	urldate={2017-11-20}
}

@online{KafkaPerf,
	author = {Jay Kreps},
	title = "{Benchmarking Apache Kafka: 2 Million Writes Per Second (On Three Cheap Machines)}",
	year = {2014},
	url = {https://engineering.linkedin.com/kafka/benchmarking-apache-kafka-2-million-writes-second-three-cheap-machines},
	urldate={2017-11-20}
}

@online{KafkaAtLinkedin,
	author = {Joel Koshy},
	title = "{Kafka Ecosystem at LinkedIn}",
	year = {2016},
	url = {https://engineering.linkedin.com/blog/2016/04/kafka-ecosystem-at-linkedin},
	urldate={2017-11-20}
}

@online{KafkaDownload,
	author = {Apache Foundation},
	title = "{Apache Download Mirror}",
	year = {2017},
	url = {https://www.apache.org/dyn/closer.cgi?path=/kafka/1.0.0/kafka_2.11-1.0.0.tgz},
	urldate={2017-11-30}
}

@online{KafkaPropBroker,
	author = {Apache Foundation},
	title = "{Apache Kafka Broker Properties}",
	year = {2017},
	url = {https://kafka.apache.org/documentation/#brokerconfigs},
	urldate={2017-11-30}
}

@online{KafkaClients,
	author = {Apache Foundation},
	title = "{Clients - Apache Kafka}",
	year = {2017},
	url = {https://cwiki.apache.org/confluence/display/KAFKA/Clients},
	urldate={2017-11-30}
}